@MISC{Mota2002,
  author =       {Mota, Helder A.},
  title =        {Sei l\'a},
  howpublished = {URL: www.mota.com.br},
  month =        {Abril},
  year =         {2002},

}
d@article{Autor1998,
    author = {Sobrenome01, Autor01},
    journal = {Revista cient\'ifica},
    number = {13},
    pages = {10--23},
    title = {T\'itulo do artigo.},
    volume = {2},
    year = {1998},
}

@misc{ROBOTIS,
    author = {ROBOTIS},
    title = {Turtlebot3 e-Manual},
    year = 2021,
    howpublished = {\url{https://emanual.robotis.com/docs/en/platform/turtlebot3/overview/}},
    note = {Accessed: 2021-12-19}
}

@misc{mwswartwout,
    author = {mwswartwout},
    title = {PRM Planner},
    year = 2015,
    howpublished = {\url{https://github.com/mwswartwout/turtlebot_prm}},
    note = {Accessed: 2021-12-19}
}

@misc{mateus,
  author = {oi},
  title = {as},
  year = 2021,
  howpublished = {\url{http://wiki.ros.org/navigation/Tutorials/Writing%20A%20Global%20Path%20Planner%20As%20Plugin%20in%20ROS}},
  note = {Accessed: 2010-09-30}
}

@misc{Mateus,
  author = {Seixas},
  title = {Planejador PRM},
  year = 2021,
  howpublished = {\url{https://github.com/seixasxbr/prm_planner}},
  note = {Accessed: 2010-09-30}
}

